@ARTICLE{qhull,
    Author      = "C B Barberand and D P Dobkin and H T Huhdanpaa",
    Journal     = "ACM Trans. on Mathematical Software",
    Volume      = "22",
    Number      = "4",
    Pages       = "469-483",
    Title       = "The Quickhull algorithm for convex hulls",
    Year        = "1996"
}
@ARTICLE{vinsonartoi,
    Author      = "D R Vinson and C Georgakis",
    Title       = "A new measure for process output controllability",
    Year        = "2000",
    Journal     = "Journal of Process Control",
    Volume      = "10",
    Pages       = "185-194"
}
@PHDTHESIS{vinsonphd,
    Author      = "D R Vinson",
    Title       = "A New Measure of Process Operability for Improved
                    Steady-State Design of Chemical Processes",
    Year        = "2000",
    School = "Lehigh University"
}
@PHDTHESIS{limaphd,
    Author      = "F V Lima",
    Title       = "Interval Operability: A Tool To Design The Feasible
                    Output Constraints For Non-Square Model Predictive
                    Controllers",
    Year        = "2007",
    School      = "Tufts University"
}
@ARTICLE{limaconsart,
    Author      = "F V Lima and C Georgakis",
    Title       = "Design of output constraints for
                    model-based non-square controllers
                    using interval operability",
    Year        = "2008",
    Journal     = "Journal of Process Control",
    Volume      = "18",
    Pages       = "610-620"
}
@ARTICLE{opconproc,
    Author      = "C Georgakis and D Uzturk and S Subramanian and
                    D R Vinson",
    Title       = "On the operability of continuous processes",
    Year        = "2003",
    Journal     = "Control Engineering Practice",
    Volume      = "11",
    Pages       = "859-869"
}
@ARTICLE{opidealrx,
    Author      = "S Subramanian and C Georgakis",
    Title       = "Steady-state operability characteristics of idealized
                    reactors",
    Year        = "2001",
    Journal     = "Chemical Engineering Science",
    Volume      = "56",
    Pages       = "5111-5130"
}
@ARTICLE{artrdg,
    Author      = "G Stanley and M Marino-Galarraga and T J McAvoy",
    Title       = "{Shortcut Operability Analysis. 1. The Relative
                    Disturbance Gain}",
    Year        = "1985",
    Journal     = "Industrial \& Engineering Chemistry Process Design
                    and Development",
    Volume      = "24",
    Number      = "4",
    Pages       = "1181-1188"
}
@BOOK{maciejowskimpc,
    Author      = "J M Maciejowski",
    Title       = "Predictive Control with Constraints",
    Year        = "2001",
    Publisher   = "Prentice Hall",
    Address     = "New York"
}
@BOOK{maciejowskifb,
    Author      = "J M Maciejowski",
    Title       = "Multivariable feedback design",
    Year        = "1989",
    Publisher   = "Addison-Wesley",
    Address     = "Workingham"
}
@BOOK{skogestad,
    Author      = "S Skogestad and I Postlethwaite",
    Title       = "Multivariable Feedback Control, Analysis and Design",
    Edition     = "2",
    Year        = "2005",
    Publisher   = "John Wiley \& Sons Ltd.",
    Address     = "West Sussex"
}
@BOOK{luyben,
    Author      = "W L Luyben",
    Title       = "Process Modeling, Simulation and Control for 
                    Chemical Engineers",
    Edition     = "2",
    Year        = "1990",
    Publisher   = "McGraw-Hill",
    Address     = "New York"
}
@ARTICLE{qinbadgwell,
    Author      = "S J Qin and T A Badgwell",
    Title       = "A survey of industrial model predictive control
                    technology",
    Year        = "2003",
    Journal     = "Control Engineering Practice",
    Volume      = "11",
    Pages       = "733-764"
}
@BOOK{marlin,
    Author      = "T E Marlin",
    Title       = "Process Control, Designing Processes and Control Systems
                    for Dynamic Performance",
    Edition     = "2",
    Year        = "2000",
    Publisher   = "McGraw-Hill",
    Address     = "Boston"
}
@BOOK{rawlings,
    Author      = "J B Rawlings and D Q Mayne",
    Title       = "Model Predictive Control: Theory and Design",
    Year        = "2009",
    Publisher   = "Nob Hill Publishing",
    Address     = "Madison"
}
@TECHREPORT{honeywell1,
    Author      = "{Honeywell International Inc.}",
    Title       = "{Advanced Process Control, Profit Controller, 
                    Concepts Reference Guide (Release 310)}",
    Year        = "2007",
    Type        = "{RMPCT technical documentation}",
    Institution = "Honeywell International Inc.",
    Address     = "Phoenix, AZ"
}
@TECHREPORT{honeywell2,
    Author      = "{Honeywell International Inc.}",
    Title       = "{Advanced Process Control, Profit Controller, 
                    Designers Guide (Release 310)}",
    Year        = "2007",
    Type        = "{RMPCT technical documentation}",
    Institution = "Honeywell International Inc.",
    Address     = "Phoenix, AZ"
}
@TECHREPORT{honeywell3,
    Author      = "{Honeywell International Inc.}",
    Title       = "{Advanced Process Control, Identifier, 
                    Users Guide (Release 310)}",
    Year        = "2007",
    Type        = "{RMPCT technical documentation}",
    Institution = "Honeywell International Inc.",
    Address     = "Phoenix, AZ"
}
@BOOK{rossiter,
    Author      = "J A Rossiter",
    Title       = "Model-based Predictive Control: A Practical Approach",
    Year        = "2003",
    Publisher   = "CRC Press",
    Address     = "Boca Raton"
}
@TECHREPORT{aspentech1,
    Author      = "{Aspen Technologies Inc.}",
    Title       = "{Aspen Manufacturing Suite, Advanced Process Control,
                    DMCplus Reference}",
    Year        = "2009",
    Type        = "{DMCPlus technical documentation}",
    Institution = "Aspen Technologies Inc.",
    Address     = "Burlington, MA"
}
@MISC{cgal,
    Author      = "N Meskini",
    Title       = "{CGAL Python Bindings}",
    Year        = "2009",
    URL         = {http://cgal-python.gforge.inria.fr/},
    Note        = "[2010, 28 October]"
}
@MISC{qhulldocs,
    Author      = "C B Barber",
    Title       = "{Qhull output options}",
    Year        = "2010",
    URL         = {http://www.qhull.org/html/qh-opto.htm},
    Note        = "[2010, 29 October]"
}
@MISC{con2vert,
    Author      = "M Kelder",
    Title       = "{CON2VERT - constraints to vertices}",
    Year        = "2005",
    Howpublished= "{MATLAB program}",
    URL         = {http://www.mathworks.com/matlabcentral/fileexchange/7894},
    Note        = "[2010, 29 October]"
}
@TECHREPORT{diamondcut,
    Author      = "A Viswambharan",
    Title       = "Optimisation in Diamond Cutting",
    Year        = "1998",
    Type        = "Technical report",
    Institution = "University of Auckland",
    Address     = "New Zealand"
}
@INCOLLECTION{manilev,
  Author      = "P Mani-Levitska",
  Title       = "Characterizations of Convex Sets",
  Booktitle   = "Handbook of Convex Geometry",
  Editor      = "P M Gruber and J M Wills",
  Volume      = "A",
  Year        = "1993",
  Publisher   = "Elsevier Science Publishers B.V.",
  Address     = "Amsterdam"
}
@INCOLLECTION{bayerlee,
  Author      = "M M Bayer and C W Lee",
  Title       = "Combinatorial Aspects of Convex Polytopes",
  Booktitle   = "Handbook of Convex Geometry",
  Editor      = "P M Gruber and J M Wills",
  Volume      = "A",
  Year        = "1993",
  Publisher   = "Elsevier Science Publishers B.V.",
  Address     = "Amsterdam"
}
@INCOLLECTION{wenger,
  Author      = "R Wenger",
  Title       = "Helly-type Theorems and Geometric Transversals",
  Booktitle   = "Handbook of Discreet and Computational Geometry",
  Editor      = "K H Rosen",
  Edition     = "2",
  Year        = "2004",
  Publisher   = "Chapman \& Hall",
  Address     = "Boca Raton"
}
@BOOK{leung,
    Author      = "K T Leung",
    Title       = "Linear Algebra and Geometry",
    Year        = "1974",
    Publisher   = "Hong Kong University Press",
    Address     = "Hong Kong"
}
@INCOLLECTION{primaldual1,
  Author      = "P Gritzmann and V Klee",
  Title       = "Mathematical Programming and Convex Geometry",
  Booktitle   = "Handbook of Convex Geometry",
  Editor      = "P M Gruber and J M Wills",
  Volume      = "A",
  Year        = "1993",
  Publisher   = "Elsevier Science Publishers B.V.",
  Address     = "Amsterdam"
}
@ARTICLE{primaldual2,
    author = {David Bremner and Komei Fukuda and Ambros Marzetta},
    title = {Primal-Dual Methods for Vertex and Facet Enumeration},
    journal = {Discrete and Computational Geometry},
    year = {1998},
    volume = {20},
    pages = {333--357}
}
@BOOK{crcmaths,
    Author      = "E W Weisstein",
    Title       = "The CRC Concise Encyclopedia of Mathematics",
    Edition     = "2",    
    Year        = "2003",
    Publisher   = "Chapman \& Hall",
    Address     = "New York"
}
